@article{farhadifar2007influence,
  title={The influence of cell mechanics, cell-cell interactions, and proliferation on epithelial packing},
  author={Farhadifar, Reza and R{\"o}per, Jens-Christian and Aigouy, Benoit and Eaton, Suzanne and J{\"u}licher, Frank},
  journal={Current Biology},
  volume={17},
  number={24},
  pages={2095--2104},
  year={2007},
  publisher={Elsevier}
}
